<record><leader>00000cas a2200000 a 4500</leader><controlfield tag="001">12608771</controlfield><controlfield tag="008">850927d18541873gauwr ne      0    0eng c</controlfield><datafield ind1=" " ind2=" " tag="010"><subfield code="a">sn 85038498 </subfield></datafield><datafield ind1=" " ind2=" " tag="040"><subfield code="a">NPY</subfield><subfield code="b">eng</subfield><subfield code="c">NPY</subfield><subfield code="d">NPX</subfield><subfield code="d">NLG</subfield><subfield code="d">MGN</subfield><subfield code="d">NVF</subfield><subfield code="d">GUA</subfield><subfield code="d">DLC</subfield><subfield code="d">OCLCQ</subfield><subfield code="d">OCLCF</subfield><subfield code="d">OCLCO</subfield></datafield><datafield ind1="1" ind2=" " tag="029"><subfield code="a">AU@</subfield><subfield code="b">000041090082</subfield></datafield><datafield ind1=" " ind2=" " tag="042"><subfield code="a">pcc</subfield></datafield><datafield ind1=" " ind2=" " tag="043"><subfield code="a">n-us-ga</subfield></datafield><datafield ind1="0" ind2="0" tag="050"><subfield code="a">Newspaper</subfield></datafield><datafield ind1="0" ind2="4" tag="245"><subfield code="a">The Savannah weekly Republican.</subfield></datafield><datafield ind1="3" ind2="0" tag="246"><subfield code="a">Weekly Savannah Republican</subfield></datafield><datafield ind1=" " ind2=" " tag="260"><subfield code="a">Savannah, Ga. :</subfield><subfield code="b">F.W. Sims,</subfield><subfield code="c">[1854]-1873.</subfield></datafield><datafield ind1=" " ind2=" " tag="300"><subfield code="a">v. ;</subfield><subfield code="c">67 cm.</subfield></datafield><datafield ind1=" " ind2=" " tag="310"><subfield code="a">Weekly</subfield></datafield><datafield ind1="1" ind2=" " tag="362"><subfield code="a">Began in 1854.</subfield></datafield><datafield ind1="0" ind2=" " tag="362"><subfield code="a">-v. 8, no. 23 (May 31, 1873).</subfield></datafield><datafield ind1=" " ind2=" " tag="500"><subfield code="a">Published as: The weekly Savannah Republican, Oct. 14-Dec. 9, 1871 and Dec. 14, 1872.</subfield></datafield><datafield ind1=" " ind2=" " tag="500"><subfield code="a">Publishers: F.W. Sims, &lt;1861-1864&gt;; J.E. Hayes, &lt;1867&gt;.</subfield></datafield><datafield ind1=" " ind2=" " tag="530"><subfield code="a">Also issued on microfilm from the University of Georgia Libraries, Athens, and the Library of Congress, Photoduplication Service.</subfield></datafield><datafield ind1=" " ind2=" " tag="580"><subfield code="a">Daily eds.: Savannah daily Republican (Savannah, Ga. : 1840), and: Savannah Republican (Savannah, Ga. : 1858), &lt;1861&gt;-1865, and: Savannah national Republican (Savannah, Ga. : 1865), and: Savannah daily Republican (Savannah, Ga. : 1866).</subfield></datafield><datafield ind1=" " ind2=" " tag="588"><subfield code="a">Description based on: Vol. 8, no. 40 (Sept. 7, 1861).</subfield></datafield><datafield ind1=" " ind2="0" tag="651"><subfield code="a">Savannah (Ga.)</subfield><subfield code="v">Newspapers.</subfield></datafield><datafield ind1=" " ind2="0" tag="651"><subfield code="a">Chatham County (Ga.)</subfield><subfield code="v">Newspapers.</subfield></datafield><datafield ind1=" " ind2="7" tag="655"><subfield code="a">Newspapers.</subfield><subfield code="2">fast</subfield><subfield code="0">(OCoLC)fst01423814</subfield></datafield><datafield ind1=" " ind2="7" tag="651"><subfield code="a">Georgia</subfield><subfield code="z">Chatham County.</subfield><subfield code="2">fast</subfield><subfield code="0">(OCoLC)fst01207617</subfield></datafield><datafield ind1=" " ind2="7" tag="651"><subfield code="a">Georgia</subfield><subfield code="z">Savannah.</subfield><subfield code="2">fast</subfield><subfield code="0">(OCoLC)fst01207319</subfield></datafield><datafield ind1=" " ind2=" " tag="752"><subfield code="a">United States</subfield><subfield code="b">Georgia</subfield><subfield code="c">Chatham</subfield><subfield code="d">Savannah.</subfield></datafield><datafield ind1="1" ind2=" " tag="775"><subfield code="t">Savannah daily Republican (Savannah, Ga. : 1840)</subfield><subfield code="w">(DLC)sn 82015878</subfield><subfield code="w">(OCoLC)8818107</subfield></datafield><datafield ind1="1" ind2=" " tag="775"><subfield code="t">Savannah Republican (Savannah, Ga. : 1858)</subfield><subfield code="w">(DLC)sn 85038496</subfield><subfield code="w">(OCoLC)12608721</subfield></datafield><datafield ind1="1" ind2=" " tag="775"><subfield code="t">Savannah national Republican (Savannah, Ga. : 1865)</subfield><subfield code="w">(DLC)sn 82014289</subfield><subfield code="w">(OCoLC)8797516</subfield></datafield><datafield ind1="1" ind2=" " tag="775"><subfield code="t">Savannah daily Republican (Savannah, Ga. : 1866)</subfield><subfield code="w">(DLC)sn 82015879</subfield><subfield code="w">(OCoLC)8818315</subfield></datafield><datafield ind1="0" ind2=" " tag="775"><subfield code="t">Savannah Republican (Savannah, Ga. : 1817 : Triweekly)</subfield><subfield code="w">(DLC)sn 86053276</subfield><subfield code="w">(OCoLC)13415822</subfield></datafield><datafield ind1="0" ind2="7" tag="785"><subfield code="t">Savannah weekly advertiser (Savannah, Ga. : 1872)</subfield><subfield code="w">(DLC)sn 85034256</subfield><subfield code="w">(OCoLC)12595251</subfield></datafield><datafield ind1="0" ind2="7" tag="785"><subfield code="t">Weekly advertiser and Republican</subfield><subfield code="w">(DLC)sn 95068737</subfield><subfield code="w">(OCoLC)31961787</subfield></datafield></record>